@article{jiang2021road,
  title={The road towards 6G: A comprehensive survey},
  author={Jiang, Wei and Han, Bin and Habibi, Mohammad Asif and Schotten, Hans Dieter},
  journal={IEEE Open Journal of the Communications Society},
  volume={2},
  pages={334--366},
  year={2021},
  publisher={IEEE}
}
@article{medeiros2018composiccao,
  title={A composi{\c{c}}{\~a}o da renda no topo da distribui{\c{c}}{\~a}o: evolu{\c{c}}{\~a}o no Brasil entre 2006 e 2012, a partir de informa{\c{c}}{\~o}es do Imposto de Renda},
  author={Medeiros, Marcelo and Castro, F{\'a}bio {\'A}vila de},
  journal={Economia e Sociedade},
  volume={27},
  pages={577--605},
  year={2018},
  publisher={SciELO Brasil}
}
@manual{NBR10520:2002,
	Address = {Rio de Janeiro},
	Org-Short = {{Associação Brasileira de Normas Técnicas}},
	Organization = {Associação Brasileira de Normas Técnicas},
	Subtitle = {informação e documentação: citações
	em documentos --- Apresentação},
	Title = {{NBR} 10520},
	Year = 2002}

@manual{NBR6023:2002,
	Address = {Rio de Janeiro},
	Org-Short = {{Associação Brasileira de Normas Técnicas}},
	Organization = {Associação Brasileira de Normas Técnicas},
	Subtitle = {informação e documentação: referências: apresentação},
	Title = {{NBR} 6023},
	Year = 2002}

@manual{NBR6024:2012,
	Address = {Rio de Janeiro},
	Org-Short = {{Associação Brasileira de Normas Técnicas}},
	Organization = {Associação Brasileira de Normas Técnicas},
	Subtitle = {informação e documentação: numeração progressiva das seções de um documento escrito: apresentação},
	Title = {{NBR} 6024},
	Year = 2012}

@manual{NBR6027:2012,
	Address = {Rio de Janeiro},
	Org-Short = {{Associação Brasileira de Normas Técnicas}},
	Organization = {Associação Brasileira de Normas Técnicas},
	Subtitle = {informação e documentação: sumário: apresentação},
	Title = {{NBR} 6027},
	Year = 2012}

@manual{NBR6028:2003,
	Address = {Rio de Janeiro},
	Org-Short = {{Associação Brasileira de Normas Técnicas}},
	Organization = {Associação Brasileira de Normas Técnicas},
	Subtitle = {informação e documentação: resumo: apresentação},
	Title = {{NBR} 6028},
	Year = 2003}

@manual{NBR14724:2011,
	Address = {Rio de Janeiro},
	Org-Short = {{Associação Brasileira de Normas Técnicas}},
	Organization = {Associação Brasileira de Normas Técnicas},
	Subtitle = {informação e documentação: trabalhos acadêmicos: apresentação},
	Title = {{NBR} 14724},
	Year = 2011}

@book{ibge1993,
	Address = {Rio de Janeiro},
	Author = {{Instituto Brasileiro de Geografia e Estatística}},
	Edition = {3},
	Org-Short = {{Instituto Brasileiro de Geografia e Estatística}},
	Organization = {Fundação Instituto Brasileiro de Geografia e Estatística},
	Publisher = {Centro de Documentação e Disseminação de Informações},
	Title = {Normas de apresentação tabular},
	Url = {http://biblioteca.ibge.gov.br/visualizacao/livros/liv23907.pdf},
	urldate = {2019-08-16},
	pages = 62,
	Year = {1993}}

@book{ibge2016,
	Address = {Rio de Janeiro},
	Author = {{Instituto Brasileiro de Geografia e Estatística}},
	Edition = {2},
	Org-Short = {{Instituto Brasileiro de Geografia e Estatística}},
	Organization = {Instituto Brasileiro de Geografia e Estatística},
	Publisher = {Centro de Documentação e Disseminação de Informações},
	Title = {Arranjos populacionais e concentrações urbanas no Brasil},
	Url = {https://biblioteca.ibge.gov.br/visualizacao/livros/liv99700.pdf},
	urldate = {2019-08-16},
	pages = 167,
	Year={2016}}

@manual{abntex2classe,
	Author = {Lauro César Araujo},
	Organization = {Equipe abnTeX2},
	Title = {A classe abntex2},
	Subtitle = {Modelo canônico de trabalhos acadêmicos brasileiros compatível com as normas ABNT NBR 14724:2011, ABNT NBR 6024:2012 e outras},
	Url = {http://www.abntex.net.br/},
	urldate = {2019-08-16},
	Year = {2015}}
	
@book{borges2014python,
  title={Python para desenvolvedores: aborda Python 3.3},
  author={Borges, Luiz Eduardo},
  year={2014},
  publisher={Novatec Editora}
}

@book{mckinney2019,
  title={Python para an{\'a}lise de dados: Tratamento de dados com Pandas, NumPy e IPython},
  author={McKinney, Wes},
  year={2019},
  publisher={Novatec Editora}
}
@article{harris2020array,
  title={Array programming with NumPy},
  author={Harris, Charles R and Millman, K Jarrod and Van Der Walt, St{\'e}fan J and Gommers, Ralf and Virtanen, Pauli and Cournapeau, David and Wieser, Eric and Taylor, Julian and Berg, Sebastian and Smith, Nathaniel J and others},
  journal={Nature},
  volume={585},
  number={7825},
  pages={357--362},
  year={2020},
  publisher={Nature Publishing Group}
}
@article{mckinney2015pandas,
  title={Pandas, python data analysis library},
  author={McKinney, Wes},
  journal={URL http://pandas. pydata. org},
  year={2015}
}
%@online{
%    IRPF2022,
%    HOWPUBLISHED = {\url{https://www.gov.br/receitafederal/pt-br/centrais-de-conteudo/download/pgd/dirpf}},
%    Author = {Receita Federal},
%    year={2022},
%    TITLE = "Programa de Preenchimento da Declaração",
%    NOTE = "disponível 26/04/2022 acessado em 01/05/2022",}
        
@software{IRPF2022,
  author = {{Receita Federal}},
  title = {Programa IRPF 2022},
  url = {https://www.gov.br/receitafederal/pt-br/centrais-de-conteudo/download/pgd/dirpf},
  version = {1.8},
  date = {2022-03-26},
}        
        
        
@online{
    PYFPDF,
    HOWPUBLISHED = {\url{https://pyfpdf.readthedocs.io/en/latest/}},
    Author = {Mariano Reingart},
    TITLE = "FPDF for Python",
    NOTE = "disponível 17/04/2022 acessado em 01/05/2022",}
    
@BOOK{Petrou2017-no,
  title     = "Pandas Cookbook",
  author    = "Petrou, Theodore",
  publisher = "Packt Publishing",
  month     =  oct,
  year      =  2017,
  address   = "Birmingham, England"
}

@online{
    StackOverflow,
    year      =  2022,
    HOWPUBLISHED = {\url{https://insights.stackoverflow.com/trends}},
    Author = {Stack Overflow},
    TITLE = "Perguntas do Stack Overflow naquele mês",
    NOTE = "disponível 2008 acessado em 30/05/2022",}
    
@online{
    MUPDF,
    Author = "{Artifex Software}",
    year      =  2022,
    HOWPUBLISHED = {\url{https://shorturl.at/defMY}},
    TITLE = {{PyMuPDF} for Python},
    NOTE = {disponível online 13/08/2022 acessado em 25/08/2022},}

@article{pena2008descriptografia,
  title={Descriptografia do discurso de transfer{\^e}ncia de tecnologia como instrumento para o desenvolvimento sustent{\'a}vel no Protocolo de Quioto},
  author={Pena, Hugo and Gongalves, Ver{\^o}nica Korber},
  journal={Captura Cr{\'\i}ptica: direito, pol{\'\i}tica, atualidade},
  volume={1},
  number={1},
  pages={13--33},
  year={2008}
}